<record><leader>00000cas a22000007a 4500</leader><controlfield tag="001">9286248</controlfield><controlfield tag="008">830307c19149999ohudn ne      0   a0eng d</controlfield><datafield ind1=" " ind2=" " tag="010"><subfield code="a">sn 83002051 </subfield></datafield><datafield ind1=" " ind2=" " tag="040"><subfield code="a">NSD</subfield><subfield code="b">eng</subfield><subfield code="c">NSD</subfield><subfield code="d">NPT</subfield><subfield code="d">NPI</subfield><subfield code="d">ONP</subfield><subfield code="d">OCLCQ</subfield></datafield><datafield ind1=" " ind2=" " tag="012"><subfield code="m">1</subfield></datafield><datafield ind1="1" ind2=" " tag="022"><subfield code="a">0745-5550</subfield><subfield code="l">0745-5550</subfield><subfield code="2">1</subfield></datafield><datafield ind1="1" ind2=" " tag="029"><subfield code="a">AU@</subfield><subfield code="b">000045449630</subfield></datafield><datafield ind1=" " ind2=" " tag="032"><subfield code="a">181060</subfield><subfield code="b">USPS</subfield></datafield><datafield ind1=" " ind2=" " tag="042"><subfield code="a">nsdp</subfield></datafield><datafield ind1="0" ind2=" " tag="130"><subfield code="a">Evening leader (Saint Marys, Ohio)</subfield></datafield><datafield ind1=" " ind2="4" tag="222"><subfield code="a">The Evening leader</subfield></datafield><datafield ind1="1" ind2="4" tag="245"><subfield code="a">The Evening leader.</subfield></datafield><datafield ind1="3" ind2="0" tag="246"><subfield code="a">St. Marys evening leader</subfield></datafield><datafield ind1="3" ind2="0" tag="246"><subfield code="a">Saint Marys evening leader</subfield></datafield><datafield ind1=" " ind2=" " tag="260"><subfield code="a">St. Marys, Ohio :</subfield><subfield code="b">Leader Print. Co.</subfield></datafield><datafield ind1=" " ind2=" " tag="310"><subfield code="a">Daily (except Sundays, holidays)</subfield></datafield><datafield ind1=" " ind2=" " tag="500"><subfield code="a">Published as: St. Marys evening leader, &lt;Feb. 1&gt;-July 10, 1926.</subfield></datafield><datafield ind1=" " ind2=" " tag="588"><subfield code="a">Description based on: Vol. 13, no. 129 (Oct. 1, 1914).</subfield></datafield><datafield ind1=" " ind2=" " tag="752"><subfield code="a">United States</subfield><subfield code="b">Ohio</subfield><subfield code="c">Auglaize</subfield><subfield code="d">Saint Marys.</subfield></datafield><datafield ind1="0" ind2="0" tag="780"><subfield code="t">St. Marys evening leader</subfield><subfield code="w">(DLC)sn 90068420</subfield></datafield></record>